<?xml version="1.0" encoding="UTF-8"?><collection xmlns="http://www.loc.gov/MARC21/slim"><record><leader>00427nam--2200133-i-4500</leader><controlfield tag="001">000018353</controlfield><controlfield tag="002">20161230</controlfield><controlfield tag="005">20161230201032</controlfield><controlfield tag="008">060222s1000------------r-----000-0-eng-d</controlfield><datafield ind1=" " ind2=" " tag="100"><subfield code="a">Docks, S</subfield></datafield><datafield ind1=" " ind2=" " tag="245"><subfield code="a">Theorie fondamentale du systeme periadique des elements</subfield></datafield><datafield ind1=" " ind2=" " tag="260"><subfield code="a">Bruxelles, Office International De Librairie, 1959. 182 P. + 23 P</subfield></datafield><datafield ind1=" " ind2=" " tag="490"><subfield code="a">Archives De L Institut International Des Sciences Theoriques</subfield></datafield><datafield ind1=" " ind2=" " tag="852"><subfield code="a">15833</subfield></datafield></record></collection>